@book{Farines2000,
author = "Rômulo Silva de Oliveira",
author = "Joni da Silva Fraga",
author = "Jean-Marie Farines",
title = "Sistemas de Tempo Real",
publisher = "Departamento de Automação e Sistemas Universidade Federal de Santa Catarina",
year = "2000"
}

@article{Rostedt2007,
author = "Darren V. Hart",
author = "Steven Rostedt",
title = " Internals of the RT Patch",
year = "2007",
journal = "Proceedings of the Linux Symposium"
}

@online{Cyclictest2017,
author = "The Linux Foundation",
title = "Cyclitest",
year = "2017",
url = "https://wiki.linuxfoundation.org/realtime/documentation/howto/tools/cyclictest",
urldate = "2017-06-17"
}

@MastersThesis{Anderso2007,
author = "Anderson Luiz Souza Moreira",
title = "Análise de Sistmas Operacionais de Tempo Real",
school = "Pós-Graduação em Ciência da Computação, Universidade Federal de Pernambuco",
year = "2007"
}
