@book{Farines2000,
author = "Rômulo Silva de Oliveira",
author = "Joni da Silva Fraga",
author = "Jean-Marie Farines",
title = "Sistemas de Tempo Real",
publisher = "Departamento de Automação e Sistemas da Universidade Federal de Santa Catariana",
year = "2000"
}
@book{Laplante2012,
author = "Seppo J. Ovaska",
author = "Phillip A. Laplante",
title = "Real-Time Systems Design and Analysis",
publisher = "Wiley",
year = "2012"
}
@book{Tanenbaum2009,
author = "Andrew S. Tanenbaum",
title = "Sistemas Operacionais Modernos",
publisher = "Pearson Prentice Hall",
edition = "3ª edição",
year = "2009"
}
@book{Kopetz2002,
author = "Hermann Kopetz",
title = "Real-Time Systems - Design Principles for Distributed Embedded Applications",
publisher = "Kluwer Academic Publishers",
year = "2002"
}
@book{Kerrisk2010,
author = "Michael Kerrisk",
title = "The Linux programming interface : a Linux and UNIX system programming handbook",
publisher = "No Starch Press",
year = "2010"
}
@book{Barry2016,
author = "Richard Berry",
title = "Mastering the FreeRTOS Real Time Kernel",
publisher = "Real Time Engineers Ltd.",
year = "2016"
}
@thesis{Anderson2007,
author = "Andeson Luiz Souza Moreira",
title = "Análise de Sistemas Operacionais de Tempo Real",
type = "Mestrado",
institution = "Universidade Federal De Pernambuco",
year = 2007
}
@thesis{Hallberg2017,
author = "Andréas Hallberg",
title = "Time Critical Messaging Using a Real-Time Operating System",
type = "Mestrado",
institution = "Chalmers University of Technology and University of Gotherburg",
year = 2017
}
@article{Rostedt2007,
author = "Steven Rostedt",
author = "Darren V. Hart",
title = "Internals of the RT Patch",
year = "2007",
journal = "Proceedings of the Linux Symposium"
}
@article{Tan2009,
title="Real-time operating systems for small microcontrollers",
author="Tran Nguyen Bao Anh",
author="Su-Lim Tan",
journal={IEEE micro},
volume={29},
number={5},
year={2009},
publisher={IEEE}
}
@article{Litayem2011,
title={Impact of the linux real-time enhancements on the system performances for multi-core intel architectures},
author="Nabil Litayem",
author="Slim Ben Saoud",
journal={International Journal of Computer Applications},
volume={17},
number={3},
year={2011}
}
@article{Emde2010,
  title={Long-term monitoring of apparent latency in PREEMPT RT Linux realtime systems},
  author="Carsten Emde",
  journal={RTLWS12},
  year={2010}
}
@article{Deshmukh2013,
  title={Comparison of Open Source RTOSs Using Various Performance Parameters},
  author="Sanjay Deshmukh",  
  author="N. N. Mhala",
  journal={International Journal of Electronics Communication and Computer Engineering},
  volume={4},
  number={2},
  pages={86--91},
  year={2013}
}
@article{Sousa2009,
  title={RTAI Tutorial},
  author="Cristóvão Sousa",
  journal={Combra University},
  year={2009}
}
@online{Priberam,
author = "Priberam",
title = "Priberam da Língua Portuguesa",
year = "2017",
url = "https://www.priberam.pt/dlpo/",
urldate = "2017-10-17"
}
@online{Vivek2015,
author = "Vivek Gite",
title = "How to Compile and Install Linux Kernel v4.5 Source On a Debian / Ubuntu Linux",
year = "2015",
url = "https://www.cyberciti.biz/faq/debian-ubuntu-building-installing-a-custom-linux-kernel/",
urldate = "2017-04-12"
}
@online{LinuxCyclictest2017,
author = "Linux Foundation",
title = "Cyclictest",
year = "2017",
url = "https://wiki.linuxfoundation.org/realtime/documentation/howto/tools/cyclictest",
urldate = "2017-08-03"
}
@online{Lim2017,
author = "Geunsik Lim",
title = "Worst Case Latency Test Scenarios",
year = "2017",
url = "https://wiki.linuxfoundation.org/realtime/documentation/howto/tools/worstcaselatency",
urldate = "2017-08-03"
}
@misc{Rtai2006,
  title={RTAI 3.4 User Manual rev 0.3},
  author="Giovanni Racciu", 
  author="Paolo Mantegazza",
  year={2006},
  publisher={October}
}
@techreport{Ghosh1994,
  title={A Survey of Real-Time Operating Systems},
  author="Kaushik Ghosh",
  author="Bodhisattwa Mukherjee",
  author="Karsten Schwan",
  year={1994},
  institution={Georgia Inst. of Techn}
}
@article{mibench2001,
  title={MiBench: A free, commercially representative embedded benchmark suite},
  author="Matthew R. Guthaus",
  author="Jeffrey S. Ringenberg",
  author="Dan Ernst",
  author="Todd M. Austin",
  author="Trevor Mudge",
  author="Richard B. Brown",
  journal={Workload Characterization, 2001. WWC-4. 2001 IEEE International Workshop on},
  pages={3--14},
  year={2001},
  organization={IEEE}
}
@article{hartstone1992,
  title={Hartstone uniprocessor benchmark: Definitions and experiments for real-time systems},
  author="Nelson H. Weiderman",
  author="Nick I. Kamenoff",
  journal={Real-Time Systems},
  volume={4},
  number={4},
  pages={353--382},
  year={1992},
  publisher={Springer}
}