@Book{farines2000,
ALTauthor = {•Jean-Marie FARINES},
ALTeditor = {•},
title = {Sistemas de Tempo Real},
publisher = {•},
year = {2000},
OPTkey = {•},
OPTvolume = {•},
OPTnumber = {•},
OPTseries = {•},
OPTaddress = {•},
OPTedition = {•},
OPTmonth = {•},
OPTnote = {•},
OPTannote = {•}
}
